%% This BibTeX bibliography file was created using BibDesk.
%% http://bibdesk.sourceforge.net/

%% Created for Timoth√©e Tabouy at 2017-11-08 17:51:07 +0100 


%% Saved with string encoding Unicode (UTF-8) 



@article{Hoeffding1948,
	Author = {Hoeffding Wassily},
	Date-Added = {2017-11-08 16:48:15 +0000},
	Date-Modified = {2017-11-08 16:50:24 +0000},
	Journal = {The Annals of Mathematical Statistics},
	Number = {3},
	Pages = {293-325},
	Title = {A Class of Statistics with Asymptotically Normal Distribution},
	Volume = {19},
	Year = {1948}}
