@book{sarkees2010resort,
  title={Resort to war: a data guide to inter-state, extra-state, intra-state, and non-state wars, 1816-2007},
  author={Sarkees, Meredith Reid and Wayman, Frank Whelon},
  year={2010},
  publisher={Cq Pr}
}

@book{gibler2008international,
  title={International military alliances, 1648-2008},
  author={Gibler, Douglas M},
  year={2008},
  publisher={CQ Press}
}

@article{tabouyJASA2019,
author = {Timoth√©e Tabouy and Pierre Barbillon and Julien Chiquet},
title = {Variational Inference for Stochastic Block Models from Sampled Data},
journal = {Journal of the American Statistical Association},
volume = {0},
number = {ja},
pages = {1-20},
year  = {2019},
publisher = {Taylor & Francis},
doi = {10.1080/01621459.2018.1562934},
URL = {https://doi.org/10.1080/01621459.2018.1562934},
}
